/home/jupiter/cpdn/seviour/latex/library.bib